@incollection{belongie2006matching,
  title={Matching with shape contexts},
  author={Belongie, Serge and Mori, Greg and Malik, Jitendra},
  booktitle={Statistics and Analysis of Shapes},
  pages={81--105},
  year={2006},
  publisher={Springer}
}
@article{gupta1987267,
title = {Contour sequence moments for the classification of closed planar shapes},
journal = {Pattern Recognition},
volume = {20},
number = {3},
pages = {267-272},
year = {1987},
issn = {0031-3203},
author = {L. Gupta and M.D. Srinath},
keywords = {Shape classification, Planar shape description, Contour representation, Invariant moments},
abstract = {A technique for classifying closed planar shapes is described in which a shape is characterized by a one-dimensional sequence that represents the Euclidean distance between the centroid and all contour pixels of the shape. Contour sequences obtained from shapes belonging to the same class are similar and are considered to be different realizations of a stochastic process. Statistical moment functions derived from contour sequences are used to characterize the process and hence the shapes. It is shown that these moment functions are invariant to shape translation, rotation and scale transformations. Examples are presented to illustrate the performance of these moment functions in the classification of noisy shapes.}
}
@article{grosky1992pictorial,
  title={A pictorial index mechanism for model-based matching},
  author={Grosky, William I and Neo, Peter and Mehrotra, Rajiv},
  journal={Data \& knowledge engineering},
  volume={8},
  number={4},
  pages={309--327},
  year={1992},
  publisher={Elsevier}
}
@article{grosky1990index,
  title={Index-based object recognition in pictorial data management},
  author={Grosky, William I and Mehrotra, Rajiv},
  journal={Computer vision, Graphics, and Image processing},
  volume={52},
  number={3},
  pages={416--436},
  year={1990},
  publisher={Academic Press}
}
@article{marshall2009lens,
    title={Lens chains and the geodesic algorithm for conformal mapping},
    author={Marshall, Donald E},
    journal={preprint},
    year={2009}
}
@article{sharon20062d,
  title={2d-shape analysis using conformal mapping},
  author={Sharon, Eitan and Mumford, David},
  journal={International Journal of Computer Vision},
  volume={70},
  number={1},
  pages={55--75},
  year={2006},
  publisher={Springer}
}
@article{lui2013shape,
  title={Shape analysis of planar multiply-connected objects using conformal welding},
  author={Lui, Lok Ming and Zeng, Wei and Yau, Shing-Tung and Gu, Xianfeng},
  journal={IEEE transactions on pattern analysis and machine intelligence},
  volume={36},
  number={7},
  pages={1384--1401},
  year={2013},
  publisher={IEEE}
}
@article{katznelson1990conformal,
  title={On conformal welding homeomorphisms associated to Jordan curves},
  author={Katznelson, Y and Nag, Subhashis and Sullivan, D},
  journal={Ann. Acad. Sci. Fenn. Ser. AI Math},
  volume={15},
  number={2},
  pages={293--306},
  year={1990}
}
@article{marshall2012conformal,
  title={Conformal welding for finitely connected regions},
  author={Marshall, Donald E},
  journal={Computational Methods and Function Theory},
  volume={11},
  number={2},
  pages={655--669},
  year={2012},
  publisher={Springer}
}
@article{mcenteggart2018uniqueness,
  title={Uniqueness of the welding problem for SLE and Liouville quantum gravity},
  author={McEnteggart, Oliver and Miller, Jason and Qian, Wei},
  journal={arXiv preprint arXiv:1809.02092},
  year={2018}
}
@article{astala2010random,
  title={Random curves by conformal welding},
  author={Astala, Kari and Jones, Peter and Kupiainen, Antti and Saksman, Eero},
  journal={Comptes Rendus Mathematique},
  volume={348},
  number={5-6},
  pages={257--262},
  year={2010},
  publisher={Elsevier}
}
@article{belongie2002shape,
  title={Shape matching and object recognition using shape contexts},
  author={Belongie, Serge and Malik, Jitendra and Puzicha, Jan},
  journal={IEEE transactions on pattern analysis and machine intelligence},
  volume={24},
  number={4},
  pages={509--522},
  year={2002},
  publisher={IEEE}
}
@article{demisse2017deformation,
  title={Deformation based curved shape representation},
  author={Demisse, Girum Getachew and Aouada, Djamila and Ottersten, Bj{\"o}rn},
  journal={IEEE transactions on pattern analysis and machine intelligence},
  volume={40},
  number={6},
  pages={1338--1351},
  year={2017},
  publisher={IEEE}
}
@article{chen2010compositions,
  title={Compositions of harmonic mappings and biharmonic mappings},
  author={Chen, Shaolin and Ponnusamy, Saminathan and Wang, Xiantao and others},
  journal={Bulletin of the Belgian Mathematical Society-Simon Stevin},
  volume={17},
  number={4},
  pages={693--704},
  year={2010},
  publisher={The Belgian Mathematical Society}
}
@article{marshall2007convergence,
  title={Convergence of a variant of the zipper algorithm for conformal mapping},
  author={Marshall, Donald E and Rohde, Steffen},
  journal={SIAM Journal on Numerical Analysis},
  volume={45},
  number={6},
  pages={2577--2609},
  year={2007},
  publisher={SIAM}
}
@phdthesis{hagedoorn2000pattern,
  title={Pattern matching using similarity measures},
  author={Hagedoorn, Michiel},
  year={2000},
  school={Universiteit Utrecht}
}
@article{lades1993distortion,
  title={Distortion invariant object recognition in the dynamic link architecture},
  author={Lades, Martin and Vorbruggen, Jan C and Buhmann, Joachim and Lange, J{\"o}rg and Von Der Malsburg, Christoph and Wurtz, Rolf P and Konen, Wolfgang},
  journal={IEEE Transactions on computers},
  volume={42},
  number={3},
  pages={300--311},
  year={1993},
  publisher={IEEE}
}
@inproceedings{latecki2000shape,
  title={Shape descriptors for non-rigid shapes with a single closed contour},
  author={Latecki, Longin Jan and Lakamper, Rolf and Eckhardt, T},
  booktitle={Proceedings IEEE Conference on Computer Vision and Pattern Recognition. CVPR 2000 (Cat. No. PR00662)},
  volume={1},
  pages={424--429},
  year={2000},
  organization={IEEE}
}
@incollection{mokhtarian1997efficient,
  title={Efficient and robust retrieval by shape content through curvature scale space},
  author={Mokhtarian, Farzin and Abbasi, Sadegh and Kittler, Josef},
  booktitle={Image Databases and Multi-Media Search},
  pages={51--58},
  year={1997},
  publisher={World Scientific}
}
@article{zahn1972fourier,
  title={Fourier descriptors for plane closed curves},
  author={Zahn, Charles T and Roskies, Ralph Z},
  journal={IEEE Transactions on computers},
  volume={100},
  number={3},
  pages={269--281},
  year={1972},
  publisher={IEEE}
}
@article{siu2020image,
  title={Image Segmentation with Partial Convexity Shape Prior Using Discrete Conformality Structures},
  author={Siu, Chun Yin and Chan, Hei Long and Ming Lui, Ronald Lok},
  journal={SIAM Journal on Imaging Sciences},
  volume={13},
  number={4},
  pages={2105--2139},
  year={2020},
  publisher={SIAM}
}
@article{chan2018topology,
  title={Topology-preserving image segmentation by Beltrami representation of shapes},
  author={Chan, Hei-Long and Yan, Shi and Lui, Lok-Ming and Tai, Xue-Cheng},
  journal={Journal of Mathematical Imaging and Vision},
  volume={60},
  number={3},
  pages={401--421},
  year={2018},
  publisher={Springer}
}
@article{lam2014landmark,
  title={Landmark-and intensity-based registration with large deformations via quasi-conformal maps},
  author={Lam, Ka Chun and Lui, Lok Ming},
  journal={SIAM Journal on Imaging Sciences},
  volume={7},
  number={4},
  pages={2364--2392},
  year={2014},
  publisher={SIAM}
}
@article{lui2014teichmuller,
  title={Teichmuller mapping (t-map) and its applications to landmark matching registration},
  author={Lui, Lok Ming and Lam, Ka Chun and Yau, Shing-Tung and Gu, Xianfeng},
  journal={SIAM Journal on Imaging Sciences},
  volume={7},
  number={1},
  pages={391--426},
  year={2014},
  publisher={SIAM}
}
@article{ng2014computing,
  title={Computing extremal Teichm{\"u}ller map of multiply-connected domains via Beltrami holomorphic flow},
  author={Ng, Tsz Ching and Gu, Xianfeng and Lui, Lok Ming},
  journal={Journal of Scientific Computing},
  volume={60},
  number={2},
  pages={249--275},
  year={2014},
  publisher={Springer}
}
@article{lui2012optimization,
  title={Optimization of surface registrations using Beltrami holomorphic flow},
  author={Lui, Lok Ming and Wong, Tsz Wai and Zeng, Wei and Gu, Xianfeng and Thompson, Paul M and Chan, Tony F and Yau, Shing-Tung},
  journal={Journal of scientific computing},
  volume={50},
  number={3},
  pages={557--585},
  year={2012},
  publisher={Springer}
}
@inproceedings{lam2014genus,
  title={Genus-one surface registration via Teichm{\"u}ller extremal mapping},
  author={Lam, Ka Chun and Gu, Xianfeng and Lui, Lok Ming},
  booktitle={International Conference on Medical Image Computing and Computer-Assisted Intervention},
  pages={25--32},
  year={2014},
  organization={Springer}
}
@inproceedings{zhang2012registration,
  title={Registration of brainstem surfaces in adolescent idiopathic scoliosis using discrete Ricci flow},
  author={Zhang, Minqi and Li, Fang and He, Ying and Lin, Shi and Wang, Defeng and Lui, Lok Ming},
  booktitle={International Conference on Medical Image Computing and Computer-Assisted Intervention},
  pages={146--154},
  year={2012},
  organization={Springer}
}
@article{lee2016landmark,
  title={Landmark-matching transformation with large deformation via n-dimensional quasi-conformal maps},
  author={Lee, Yin Tat and Lam, Ka Chun and Lui, Lok Ming},
  journal={Journal of Scientific Computing},
  volume={67},
  number={3},
  pages={926--954},
  year={2016},
  publisher={Springer}
}
@article{lui2010optimized,
  title={Optimized conformal surface registration with shape-based landmark matching},
  author={Lui, Lok Ming and Thiruvenkadam, Sheshadri and Wang, Yalin and Thompson, Paul M and Chan, Tony F},
  journal={SIAM Journal on Imaging Sciences},
  volume={3},
  number={1},
  pages={52--78},
  year={2010},
  publisher={SIAM}
}
@article{lui2013texture,
  title={Texture map and video compression using Beltrami representation},
  author={Lui, Lok Ming and Lam, Ka Chun and Wong, Tsz Wai and Gu, Xianfeng},
  journal={SIAM Journal on Imaging Sciences},
  volume={6},
  number={4},
  pages={1880--1902},
  year={2013},
  publisher={SIAM}
}
@inproceedings{lui2010shape,
  title={Shape-based diffeomorphic registration on hippocampal surfaces using beltrami holomorphic flow},
  author={Lui, Lok Ming and Wong, Tsz Wai and Thompson, Paul and Chan, Tony and Gu, Xianfeng and Yau, Shing-Tung},
  booktitle={International Conference on Medical Image Computing and Computer-Assisted Intervention},
  pages={323--330},
  year={2010},
  organization={Springer}
}
@article{lui2010optimizedc,
  title={Optimized conformal surface registration with shape-based landmark matching},
  author={Lui, Lok Ming and Thiruvenkadam, Sheshadri and Wang, Yalin and Thompson, Paul M and Chan, Tony F},
  journal={SIAM Journal on Imaging Sciences},
  volume={3},
  number={1},
  pages={52--78},
  year={2010},
  publisher={SIAM}
}
@article{lui2014geometric,
  title={Geometric registration of high-genus surfaces},
  author={Lui, Lok Ming and Wen, Chengfeng},
  journal={SIAM Journal on Imaging Sciences},
  volume={7},
  number={1},
  pages={337--365},
  year={2014},
  publisher={SIAM}
}
@article{wang2007brain,
  title={Brain surface conformal parameterization using Riemann surface structure},
  author={Wang, Yalin and Lui, Lok Ming and Gu, Xianfeng and Hayashi, Kiralee M and Chan, Tony F and Toga, Arthur W and Thompson, Paul M and Yau, Shing-Tung},
  journal={IEEE transactions on medical imaging},
  volume={26},
  number={6},
  pages={853--865},
  year={2007},
  publisher={IEEE}
}
@article{lui2007landmark,
  title={Landmark constrained genus zero surface conformal mapping and its application to brain mapping research},
  author={Lui, Lok Ming and Wang, Yalin and Chan, Tony F and Thompson, Paul},
  journal={Applied Numerical Mathematics},
  volume={57},
  number={5-7},
  pages={847--858},
  year={2007},
  publisher={Elsevier}
}
@article{choi2020shape,
  title={Shape analysis via inconsistent surface registration},
  author={Choi, Gary PT and Qiu, Di and Lui, Lok Ming},
  journal={Proceedings of the Royal Society A},
  volume={476},
  number={2242},
  pages={20200147},
  year={2020},
  publisher={The Royal Society Publishing}
}
@article{chan2016quasi,
  title={Quasi-conformal statistical shape analysis of hippocampal surfaces for Alzheimer's disease analysis},
  author={Chan, Hei Long and Li, Hangfan and Lui, Lok Ming},
  journal={Neurocomputing},
  volume={175},
  pages={177--187},
  year={2016},
  publisher={Elsevier}
}
@article{zeng2008shape,
  title={Shape analysis by conformal modules},
  author={Zeng, Wei and Lui, Lok Ming and Gu, Xianfeng and Yau, Shing-Tung and others},
  journal={Methods and Applications of Analysis},
  volume={15},
  number={4},
  pages={539--556},
  year={2008},
  publisher={International Press of Boston}
}
@article{lui2013shapec,
  title={Shape analysis of planar multiply-connected objects using conformal welding},
  author={Lui, Lok Ming and Zeng, Wei and Yau, Shing-Tung and Gu, Xianfeng},
  journal={IEEE transactions on pattern analysis and machine intelligence},
  volume={36},
  number={7},
  pages={1384--1401},
  year={2013},
  publisher={IEEE}
}
@inproceedings{lui2010shape3,
  title={Shape analysis of planar objects with arbitrary topologies using conformal geometry},
  author={Lui, Lok Ming and Zeng, Wei and Yau, Shing-Tung and Gu, Xianfeng},
  booktitle={European Conference on Computer Vision},
  pages={672--686},
  year={2010},
  organization={Springer}
}
@article{zhang2020topology,
  title={Topology-Preserving 3D Image Segmentation Based On Hyperelastic Regularization},
  author={Zhang, Daoping and Lui, Lok Ming},
  journal={Journal of Scientific Computing},
  year={2020},
  note={accepted},
  publisher={Springer}
}
@article{choi2015flash,
  title={FLASH: Fast landmark aligned spherical harmonic parameterization for genus-0 closed brain surfaces},
  author={Choi, Pui Tung and Lam, Ka Chun and Lui, Lok Ming},
  journal={SIAM Journal on Imaging Sciences},
  volume={8},
  number={1},
  pages={67--94},
  year={2015},
  publisher={SIAM}
}
@inproceedings{peura1997efficiency,
  title={Efficiency of simple shape descriptors},
  author={Peura, Markus and Iivarinen, Jukka and others},
  booktitle={Proceedings of the third international workshop on visual form},
  volume={5},
  pages={443--451},
  year={1997}
}
@inproceedings{belongie2001matching,
  title={Matching shapes},
  author={Belongie, Serge and Malik, Jitendra and Puzicha, Jan},
  booktitle={Proceedings Eighth IEEE International Conference on Computer Vision. ICCV 2001},
  pages={454--461},
  year={2001},
  organization={IEEE}
}
@article{asada1986curvature,
  title={The curvature primal sketch},
  author={Asada, Haruo and Brady, Michael},
  journal={IEEE transactions on pattern analysis and machine intelligence},
  number={1},
  volume={1},
  pages={2--14},
  year={1986},
  publisher={IEEE}
}
@article{freeman1961encoding,
  title={On the encoding of arbitrary geometric configurations},
  author={Freeman, Herbert},
  journal={IRE Transactions on Electronic Computers},
  number={2},
  pages={260--268},
  volume={1},
  year={1961},
  publisher={IEEE}
}
@article{berretti2000retrieval,
  title={Retrieval by shape similarity with perceptual distance and effective indexing},
  author={Berretti, Stefano and Del Bimbo, Alberto and Pala, Pietro},
  journal={IEEE Transactions on multimedia},
  volume={2},
  number={4},
  pages={225--239},
  year={2000},
  publisher={IEEE}
}
@article{hu1962visual,
  title={Visual pattern recognition by moment invariants},
  author={Hu, Ming-Kuei},
  journal={IRE transactions on information theory},
  volume={8},
  number={2},
  pages={179--187},
  year={1962},
  publisher={IEEE}
}
@inproceedings{taubin1991recognition,
  title={Recognition and positioning of rigid objects using algebraic moment invariants},
  author={Taubin, Gabriel and Cooper, David B},
  booktitle={Geometric Methods in Computer Vision},
  volume={1570},
  pages={175--186},
  year={1991},
  organization={International Society for Optics and Photonics}
}
@book{taubin1991object,
  title={Object recognition based on moment (or algebraic) invariants},
  author={Taubin, Gabriel and Cooper, David B},
  year={1991},
  publisher={Citeseer},
  pages={375--397}
}
@inproceedings{zhang2002generic,
  title={Generic Fourier descriptor for shape-based image retrieval},
  author={Zhang, Dengsheng and Lu, Guojun},
  booktitle={Proceedings. IEEE International Conference on Multimedia and Expo},
  volume={1},
  pages={425--428},
  year={2002},
  organization={IEEE}
}
@article{zhang2004review,
  title={Review of shape representation and description techniques},
  author={Zhang, Dengsheng and Lu, Guojun},
  journal={Pattern recognition},
  volume={37},
  number={1},
  pages={1--19},
  year={2004},
  publisher={Elsevier}
}
@inproceedings{durrleman2007measuring,
  title={Measuring brain variability via sulcal lines registration: a diffeomorphic approach},
  author={Durrleman, Stanley and Pennec, Xavier and Trouv{\'e}, Alain and Ayache, Nicholas},
  booktitle={International Conference on Medical Image Computing and Computer-Assisted Intervention},
  pages={675--682},
  year={2007},
  organization={Springer}
}
